@book{bbrules,
	title= {Blood Bowl, Livre de RÃ¨gles},
	author= {Lanz, J.D. and Forest, J.P. and al.},
	year={(2013)}
}
@book{aiforgames,
	title= {Artificial Intelligence for Games (2\up{nd} edition)},
	author= {Millington, Ian and Funge, John},
	year={2009}
}
@misc{rubyurl,
	key={1},
	title={Ruby official website},
	howpublished = "\url{http://www.ruby-lang.org}"
}
@misc{rubygemsurl,
	key={2},
	title={Ruby gems website},
	howpublished = "\url{http://rubygems.org}"
}
@misc{chinguurl,
	key={3},
	title={Chingu, OpenGL accelerated 2D games framework in Ruby},
	howpublished = "\url{http://ippa.se/chingu}"
}
@misc{gosuurl,
	key={4},
	title={Gosu, 2D games development library},
	howpublished= "\url{http://www.libgosu.org}"
}
